<?xml version="1.0" encoding="UTF-8"?>
<collection>
  <record>
    <leader>00096nam a2200049 i 4500</leader>
    <controlfield tag="008">000000|||||||||vp |||||||||||||||||mul||</controlfield>
    <controlfield tag="001">99125094803506421</controlfield>
    <datafield tag="245" ind1="0" ind2="0">
      <subfield code="a">Multi-title collection including Wajīdah and 7 other(s).</subfield>
    </datafield>
    <datafield tag="774" ind1="1" ind2=" ">
      <subfield code="t">Wajīdah</subfield>
      <subfield code="w">9923749023506421</subfield>
    </datafield>
    <datafield tag="774" ind1="1" ind2=" ">
      <subfield code="t">al-Taḥqīq wa-al-ijrāʾāt al-jināʾīyah li-ṭalabat al-ḥuqūq wa-al-shurṭah wa-al-muḥaqqiqīn wa-al-muḥāmīn</subfield>
      <subfield code="w">997573203506421</subfield>
    </datafield>
    <datafield tag="774" ind1="1" ind2=" ">
      <subfield code="t">Fī janūb al-Sūdān dirāsāt ijtimāʻīyah, nafsīyah, tarbawīyah /</subfield>
      <subfield code="w">997573243506421</subfield>
    </datafield>
    <datafield tag="774" ind1="1" ind2=" ">
      <subfield code="t">al-ʻUdwān al-thulāthī wa-al-ḍamīr al-ʻālamī</subfield>
      <subfield code="w">997573403506421</subfield>
    </datafield>
    <datafield tag="774" ind1="1" ind2=" ">
      <subfield code="t">Optimal quadrature formulas /</subfield>
      <subfield code="w">99753293506421</subfield>
    </datafield>
    <datafield tag="774" ind1="1" ind2=" ">
      <subfield code="t">Fī maʻārik tathbīt al-istiqlāl, al-Sadd al-ʻĀlī</subfield>
      <subfield code="w">997573283506421</subfield>
    </datafield>
    <datafield tag="774" ind1="1" ind2=" ">
      <subfield code="t">Qaḍīyat al-jalāʾ wa-thawrat 23 Yūliyū sanat 1952</subfield>
      <subfield code="w">997573343506421</subfield>
    </datafield>
    <datafield tag="774" ind1="1" ind2=" ">
      <subfield code="t">Khaṭarāt nafs</subfield>
      <subfield code="w">997573163506421</subfield>
    </datafield>
    <datafield tag="950" ind1=" " ind2=" ">
      <subfield code="c">2021-08-02 23:29:56 US/Eastern</subfield>
      <subfield code="b">2021-07-12 09:00:37 US/Eastern</subfield>
      <subfield code="a">false</subfield>
    </datafield>
    <datafield tag="852" ind1="8" ind2="1">
      <subfield code="b">recap</subfield>
      <subfield code="c">pe</subfield>
      <subfield code="h">MICROFILM 1734</subfield>
      <subfield code="8">22486804560006421</subfield>
    </datafield>
    <datafield tag="866" ind1=" " ind2="0">
      <subfield code="z">Master preservation microfilm.</subfield>
      <subfield code="8">22486804560006421</subfield>
    </datafield>
    <datafield tag="866" ind1=" " ind2="0">
      <subfield code="z">Available for reproduction only.</subfield>
      <subfield code="8">22486804560006421</subfield>
    </datafield>
    <datafield tag="952" ind1=" " ind2=" ">
      <subfield code="a">2021-07-12 13:00:37</subfield>
      <subfield code="8">22486804560006421</subfield>
      <subfield code="b">ReCAP</subfield>
      <subfield code="c">rcppe: RECAP Restricted</subfield>
      <subfield code="e">true</subfield>
    </datafield>
    <datafield tag="876" ind1=" " ind2=" ">
      <subfield code="0">22486804560006421</subfield>
      <subfield code="a">23486804550006421</subfield>
      <subfield code="j">1</subfield>
      <subfield code="z">pe</subfield>
      <subfield code="d">2021-05-13 06:59:00</subfield>
      <subfield code="p">32101109661155</subfield>
      <subfield code="t">0</subfield>
      <subfield code="y">recap</subfield>
    </datafield>
  </record>
</collection>